%YAML 1.1
%TAG !u! tag:unity3d.com,2011:
--- !u!1001 &259562194928598090
PrefabInstance:
  m_ObjectHideFlags: 0
  serializedVersion: 2
  m_Modification:
    serializedVersion: 3
    m_TransformParent: {fileID: 0}
    m_Modifications:
    - target: {fileID: -9188482587537770548, guid: c75060c3179527d42bcf5b68e4e97c09,
        type: 3}
      propertyPath: m_Layer
      value: 3
      objectReference: {fileID: 0}
    - target: {fileID: -9010778251361305732, guid: c75060c3179527d42bcf5b68e4e97c09,
        type: 3}
      propertyPath: m_Layer
      value: 3
      objectReference: {fileID: 0}
    - target: {fileID: -8705941009479655589, guid: c75060c3179527d42bcf5b68e4e97c09,
        type: 3}
      propertyPath: m_Layer
      value: 3
      objectReference: {fileID: 0}
    - target: {fileID: -8679921383154817045, guid: c75060c3179527d42bcf5b68e4e97c09,
        type: 3}
      propertyPath: m_LocalPosition.x
      value: 0.306
      objectReference: {fileID: 0}
    - target: {fileID: -8679921383154817045, guid: c75060c3179527d42bcf5b68e4e97c09,
        type: 3}
      propertyPath: m_LocalPosition.y
      value: 0
      objectReference: {fileID: 0}
    - target: {fileID: -8679921383154817045, guid: c75060c3179527d42bcf5b68e4e97c09,
        type: 3}
      propertyPath: m_LocalPosition.z
      value: 0.396
      objectReference: {fileID: 0}
    - target: {fileID: -8679921383154817045, guid: c75060c3179527d42bcf5b68e4e97c09,
        type: 3}
      propertyPath: m_LocalRotation.w
      value: 1
      objectReference: {fileID: 0}
    - target: {fileID: -8679921383154817045, guid: c75060c3179527d42bcf5b68e4e97c09,
        type: 3}
      propertyPath: m_LocalRotation.x
      value: 0
      objectReference: {fileID: 0}
    - target: {fileID: -8679921383154817045, guid: c75060c3179527d42bcf5b68e4e97c09,
        type: 3}
      propertyPath: m_LocalRotation.y
      value: 0
      objectReference: {fileID: 0}
    - target: {fileID: -8679921383154817045, guid: c75060c3179527d42bcf5b68e4e97c09,
        type: 3}
      propertyPath: m_LocalRotation.z
      value: 0
      objectReference: {fileID: 0}
    - target: {fileID: -8679921383154817045, guid: c75060c3179527d42bcf5b68e4e97c09,
        type: 3}
      propertyPath: m_LocalEulerAnglesHint.x
      value: 0
      objectReference: {fileID: 0}
    - target: {fileID: -8679921383154817045, guid: c75060c3179527d42bcf5b68e4e97c09,
        type: 3}
      propertyPath: m_LocalEulerAnglesHint.y
      value: 0
      objectReference: {fileID: 0}
    - target: {fileID: -8679921383154817045, guid: c75060c3179527d42bcf5b68e4e97c09,
        type: 3}
      propertyPath: m_LocalEulerAnglesHint.z
      value: 0
      objectReference: {fileID: 0}
    - target: {fileID: -8620061291980784375, guid: c75060c3179527d42bcf5b68e4e97c09,
        type: 3}
      propertyPath: m_Layer
      value: 3
      objectReference: {fileID: 0}
    - target: {fileID: -7410905000706229718, guid: c75060c3179527d42bcf5b68e4e97c09,
        type: 3}
      propertyPath: m_LocalEulerAnglesHint.x
      value: 29.117764
      objectReference: {fileID: 0}
    - target: {fileID: -7410905000706229718, guid: c75060c3179527d42bcf5b68e4e97c09,
        type: 3}
      propertyPath: m_LocalEulerAnglesHint.y
      value: -22.777765
      objectReference: {fileID: 0}
    - target: {fileID: -7410905000706229718, guid: c75060c3179527d42bcf5b68e4e97c09,
        type: 3}
      propertyPath: m_LocalEulerAnglesHint.z
      value: 74.86874
      objectReference: {fileID: 0}
    - target: {fileID: -7391475362428380560, guid: c75060c3179527d42bcf5b68e4e97c09,
        type: 3}
      propertyPath: m_Layer
      value: 3
      objectReference: {fileID: 0}
    - target: {fileID: -6681873853799401062, guid: c75060c3179527d42bcf5b68e4e97c09,
        type: 3}
      propertyPath: m_Layer
      value: 3
      objectReference: {fileID: 0}
    - target: {fileID: -6477125650230942204, guid: c75060c3179527d42bcf5b68e4e97c09,
        type: 3}
      propertyPath: m_Layer
      value: 3
      objectReference: {fileID: 0}
    - target: {fileID: -6309171987837486268, guid: c75060c3179527d42bcf5b68e4e97c09,
        type: 3}
      propertyPath: m_Layer
      value: 3
      objectReference: {fileID: 0}
    - target: {fileID: -6135317982602161949, guid: c75060c3179527d42bcf5b68e4e97c09,
        type: 3}
      propertyPath: m_Layer
      value: 3
      objectReference: {fileID: 0}
    - target: {fileID: -5616551053512630319, guid: c75060c3179527d42bcf5b68e4e97c09,
        type: 3}
      propertyPath: m_Layer
      value: 3
      objectReference: {fileID: 0}
    - target: {fileID: -5453355931499429674, guid: c75060c3179527d42bcf5b68e4e97c09,
        type: 3}
      propertyPath: m_LocalEulerAnglesHint.x
      value: -63.302162
      objectReference: {fileID: 0}
    - target: {fileID: -5453355931499429674, guid: c75060c3179527d42bcf5b68e4e97c09,
        type: 3}
      propertyPath: m_LocalEulerAnglesHint.y
      value: 18.254951
      objectReference: {fileID: 0}
    - target: {fileID: -5453355931499429674, guid: c75060c3179527d42bcf5b68e4e97c09,
        type: 3}
      propertyPath: m_LocalEulerAnglesHint.z
      value: 0.6400245
      objectReference: {fileID: 0}
    - target: {fileID: -5151492872390713093, guid: c75060c3179527d42bcf5b68e4e97c09,
        type: 3}
      propertyPath: m_Layer
      value: 3
      objectReference: {fileID: 0}
    - target: {fileID: -4951302596852918375, guid: c75060c3179527d42bcf5b68e4e97c09,
        type: 3}
      propertyPath: m_LocalEulerAnglesHint.x
      value: -45.855995
      objectReference: {fileID: 0}
    - target: {fileID: -4558814474122738789, guid: c75060c3179527d42bcf5b68e4e97c09,
        type: 3}
      propertyPath: m_Layer
      value: 3
      objectReference: {fileID: 0}
    - target: {fileID: -4447472987372433821, guid: c75060c3179527d42bcf5b68e4e97c09,
        type: 3}
      propertyPath: m_Layer
      value: 3
      objectReference: {fileID: 0}
    - target: {fileID: -4138165133057692197, guid: c75060c3179527d42bcf5b68e4e97c09,
        type: 3}
      propertyPath: m_Layer
      value: 3
      objectReference: {fileID: 0}
    - target: {fileID: -4015555534974352076, guid: c75060c3179527d42bcf5b68e4e97c09,
        type: 3}
      propertyPath: m_LocalEulerAnglesHint.x
      value: -61.534702
      objectReference: {fileID: 0}
    - target: {fileID: -4015555534974352076, guid: c75060c3179527d42bcf5b68e4e97c09,
        type: 3}
      propertyPath: m_LocalEulerAnglesHint.y
      value: -17.635817
      objectReference: {fileID: 0}
    - target: {fileID: -4015555534974352076, guid: c75060c3179527d42bcf5b68e4e97c09,
        type: 3}
      propertyPath: m_LocalEulerAnglesHint.z
      value: -1.1626041
      objectReference: {fileID: 0}
    - target: {fileID: -3866108858836256326, guid: c75060c3179527d42bcf5b68e4e97c09,
        type: 3}
      propertyPath: m_Layer
      value: 3
      objectReference: {fileID: 0}
    - target: {fileID: -3574227185728743805, guid: c75060c3179527d42bcf5b68e4e97c09,
        type: 3}
      propertyPath: m_Layer
      value: 3
      objectReference: {fileID: 0}
    - target: {fileID: -2528366210621381490, guid: c75060c3179527d42bcf5b68e4e97c09,
        type: 3}
      propertyPath: m_LocalEulerAnglesHint.x
      value: 84.55676
      objectReference: {fileID: 0}
    - target: {fileID: -2528366210621381490, guid: c75060c3179527d42bcf5b68e4e97c09,
        type: 3}
      propertyPath: m_LocalEulerAnglesHint.y
      value: 179.98645
      objectReference: {fileID: 0}
    - target: {fileID: -2528366210621381490, guid: c75060c3179527d42bcf5b68e4e97c09,
        type: 3}
      propertyPath: m_LocalEulerAnglesHint.z
      value: -179.98645
      objectReference: {fileID: 0}
    - target: {fileID: -1923097943733288437, guid: c75060c3179527d42bcf5b68e4e97c09,
        type: 3}
      propertyPath: m_Layer
      value: 3
      objectReference: {fileID: 0}
    - target: {fileID: -1497686508589035081, guid: c75060c3179527d42bcf5b68e4e97c09,
        type: 3}
      propertyPath: m_Layer
      value: 3
      objectReference: {fileID: 0}
    - target: {fileID: -745213483101425600, guid: c75060c3179527d42bcf5b68e4e97c09,
        type: 3}
      propertyPath: m_Layer
      value: 3
      objectReference: {fileID: 0}
    - target: {fileID: -744436532182325293, guid: c75060c3179527d42bcf5b68e4e97c09,
        type: 3}
      propertyPath: m_Layer
      value: 3
      objectReference: {fileID: 0}
    - target: {fileID: -503975051339332266, guid: c75060c3179527d42bcf5b68e4e97c09,
        type: 3}
      propertyPath: m_Layer
      value: 3
      objectReference: {fileID: 0}
    - target: {fileID: 18450660132315513, guid: c75060c3179527d42bcf5b68e4e97c09,
        type: 3}
      propertyPath: m_Layer
      value: 3
      objectReference: {fileID: 0}
    - target: {fileID: 194793575261698536, guid: c75060c3179527d42bcf5b68e4e97c09,
        type: 3}
      propertyPath: m_Layer
      value: 3
      objectReference: {fileID: 0}
    - target: {fileID: 441414255597750876, guid: c75060c3179527d42bcf5b68e4e97c09,
        type: 3}
      propertyPath: m_Layer
      value: 3
      objectReference: {fileID: 0}
    - target: {fileID: 919132149155446097, guid: c75060c3179527d42bcf5b68e4e97c09,
        type: 3}
      propertyPath: m_Name
      value: aaaa_Cloud
      objectReference: {fileID: 0}
    - target: {fileID: 919132149155446097, guid: c75060c3179527d42bcf5b68e4e97c09,
        type: 3}
      propertyPath: m_Layer
      value: 3
      objectReference: {fileID: 0}
    - target: {fileID: 1211580404275289277, guid: c75060c3179527d42bcf5b68e4e97c09,
        type: 3}
      propertyPath: m_Layer
      value: 3
      objectReference: {fileID: 0}
    - target: {fileID: 1220092126623623018, guid: c75060c3179527d42bcf5b68e4e97c09,
        type: 3}
      propertyPath: m_Layer
      value: 3
      objectReference: {fileID: 0}
    - target: {fileID: 1478381138036749047, guid: c75060c3179527d42bcf5b68e4e97c09,
        type: 3}
      propertyPath: m_Layer
      value: 3
      objectReference: {fileID: 0}
    - target: {fileID: 1617048992373897728, guid: c75060c3179527d42bcf5b68e4e97c09,
        type: 3}
      propertyPath: m_Layer
      value: 3
      objectReference: {fileID: 0}
    - target: {fileID: 1645622894440486576, guid: c75060c3179527d42bcf5b68e4e97c09,
        type: 3}
      propertyPath: m_LocalEulerAnglesHint.x
      value: -16.599289
      objectReference: {fileID: 0}
    - target: {fileID: 1645622894440486576, guid: c75060c3179527d42bcf5b68e4e97c09,
        type: 3}
      propertyPath: m_LocalEulerAnglesHint.y
      value: -115.530106
      objectReference: {fileID: 0}
    - target: {fileID: 1645622894440486576, guid: c75060c3179527d42bcf5b68e4e97c09,
        type: 3}
      propertyPath: m_LocalEulerAnglesHint.z
      value: 97.76974
      objectReference: {fileID: 0}
    - target: {fileID: 1832626055079205334, guid: c75060c3179527d42bcf5b68e4e97c09,
        type: 3}
      propertyPath: m_LocalEulerAnglesHint.x
      value: -18.247923
      objectReference: {fileID: 0}
    - target: {fileID: 1832626055079205334, guid: c75060c3179527d42bcf5b68e4e97c09,
        type: 3}
      propertyPath: m_LocalEulerAnglesHint.y
      value: 78.602356
      objectReference: {fileID: 0}
    - target: {fileID: 1832626055079205334, guid: c75060c3179527d42bcf5b68e4e97c09,
        type: 3}
      propertyPath: m_LocalEulerAnglesHint.z
      value: -83.904076
      objectReference: {fileID: 0}
    - target: {fileID: 1944124998857649897, guid: c75060c3179527d42bcf5b68e4e97c09,
        type: 3}
      propertyPath: m_LocalEulerAnglesHint.x
      value: -8.862854
      objectReference: {fileID: 0}
    - target: {fileID: 1944124998857649897, guid: c75060c3179527d42bcf5b68e4e97c09,
        type: 3}
      propertyPath: m_LocalEulerAnglesHint.y
      value: 52.185207
      objectReference: {fileID: 0}
    - target: {fileID: 1944124998857649897, guid: c75060c3179527d42bcf5b68e4e97c09,
        type: 3}
      propertyPath: m_LocalEulerAnglesHint.z
      value: 53.180984
      objectReference: {fileID: 0}
    - target: {fileID: 2046054943601726698, guid: c75060c3179527d42bcf5b68e4e97c09,
        type: 3}
      propertyPath: m_Layer
      value: 3
      objectReference: {fileID: 0}
    - target: {fileID: 2409756500920119366, guid: c75060c3179527d42bcf5b68e4e97c09,
        type: 3}
      propertyPath: m_Layer
      value: 3
      objectReference: {fileID: 0}
    - target: {fileID: 2558750469924079256, guid: c75060c3179527d42bcf5b68e4e97c09,
        type: 3}
      propertyPath: m_LocalEulerAnglesHint.x
      value: 37.680134
      objectReference: {fileID: 0}
    - target: {fileID: 2558750469924079256, guid: c75060c3179527d42bcf5b68e4e97c09,
        type: 3}
      propertyPath: m_LocalEulerAnglesHint.y
      value: -0.00000027949886
      objectReference: {fileID: 0}
    - target: {fileID: 2558750469924079256, guid: c75060c3179527d42bcf5b68e4e97c09,
        type: 3}
      propertyPath: m_LocalEulerAnglesHint.z
      value: 0.000000018120163
      objectReference: {fileID: 0}
    - target: {fileID: 2584942234464478672, guid: c75060c3179527d42bcf5b68e4e97c09,
        type: 3}
      propertyPath: m_Layer
      value: 3
      objectReference: {fileID: 0}
    - target: {fileID: 2646535176412131760, guid: c75060c3179527d42bcf5b68e4e97c09,
        type: 3}
      propertyPath: m_LocalEulerAnglesHint.x
      value: -8.833779
      objectReference: {fileID: 0}
    - target: {fileID: 2646535176412131760, guid: c75060c3179527d42bcf5b68e4e97c09,
        type: 3}
      propertyPath: m_LocalEulerAnglesHint.y
      value: 92.29072
      objectReference: {fileID: 0}
    - target: {fileID: 2646535176412131760, guid: c75060c3179527d42bcf5b68e4e97c09,
        type: 3}
      propertyPath: m_LocalEulerAnglesHint.z
      value: -51.273724
      objectReference: {fileID: 0}
    - target: {fileID: 2990469640361832759, guid: c75060c3179527d42bcf5b68e4e97c09,
        type: 3}
      propertyPath: m_Layer
      value: 3
      objectReference: {fileID: 0}
    - target: {fileID: 3078324153522953174, guid: c75060c3179527d42bcf5b68e4e97c09,
        type: 3}
      propertyPath: m_Layer
      value: 3
      objectReference: {fileID: 0}
    - target: {fileID: 3246450687931269871, guid: c75060c3179527d42bcf5b68e4e97c09,
        type: 3}
      propertyPath: m_LocalEulerAnglesHint.x
      value: -21.75213
      objectReference: {fileID: 0}
    - target: {fileID: 3246450687931269871, guid: c75060c3179527d42bcf5b68e4e97c09,
        type: 3}
      propertyPath: m_LocalEulerAnglesHint.y
      value: -0.000000012841198
      objectReference: {fileID: 0}
    - target: {fileID: 3246450687931269871, guid: c75060c3179527d42bcf5b68e4e97c09,
        type: 3}
      propertyPath: m_LocalEulerAnglesHint.z
      value: -0.0000000013465367
      objectReference: {fileID: 0}
    - target: {fileID: 3653882805197182196, guid: c75060c3179527d42bcf5b68e4e97c09,
        type: 3}
      propertyPath: m_LocalEulerAnglesHint.x
      value: -68.43135
      objectReference: {fileID: 0}
    - target: {fileID: 3653882805197182196, guid: c75060c3179527d42bcf5b68e4e97c09,
        type: 3}
      propertyPath: m_LocalEulerAnglesHint.y
      value: -176.43958
      objectReference: {fileID: 0}
    - target: {fileID: 3653882805197182196, guid: c75060c3179527d42bcf5b68e4e97c09,
        type: 3}
      propertyPath: m_LocalEulerAnglesHint.z
      value: 176.17224
      objectReference: {fileID: 0}
    - target: {fileID: 3730607338716366478, guid: c75060c3179527d42bcf5b68e4e97c09,
        type: 3}
      propertyPath: m_LocalEulerAnglesHint.x
      value: -14.391631
      objectReference: {fileID: 0}
    - target: {fileID: 3730607338716366478, guid: c75060c3179527d42bcf5b68e4e97c09,
        type: 3}
      propertyPath: m_LocalEulerAnglesHint.y
      value: 0.00000024641682
      objectReference: {fileID: 0}
    - target: {fileID: 3730607338716366478, guid: c75060c3179527d42bcf5b68e4e97c09,
        type: 3}
      propertyPath: m_LocalEulerAnglesHint.z
      value: -0.0000009109151
      objectReference: {fileID: 0}
    - target: {fileID: 4775428508133318212, guid: c75060c3179527d42bcf5b68e4e97c09,
        type: 3}
      propertyPath: m_Layer
      value: 3
      objectReference: {fileID: 0}
    - target: {fileID: 5344939336247838130, guid: c75060c3179527d42bcf5b68e4e97c09,
        type: 3}
      propertyPath: m_Layer
      value: 3
      objectReference: {fileID: 0}
    - target: {fileID: 6095166829589121666, guid: c75060c3179527d42bcf5b68e4e97c09,
        type: 3}
      propertyPath: m_Layer
      value: 3
      objectReference: {fileID: 0}
    - target: {fileID: 6258840396613682129, guid: c75060c3179527d42bcf5b68e4e97c09,
        type: 3}
      propertyPath: m_Layer
      value: 3
      objectReference: {fileID: 0}
    - target: {fileID: 6638817378431544544, guid: c75060c3179527d42bcf5b68e4e97c09,
        type: 3}
      propertyPath: m_Layer
      value: 3
      objectReference: {fileID: 0}
    - target: {fileID: 7027053747465191912, guid: c75060c3179527d42bcf5b68e4e97c09,
        type: 3}
      propertyPath: m_Layer
      value: 3
      objectReference: {fileID: 0}
    - target: {fileID: 7054254788579830396, guid: c75060c3179527d42bcf5b68e4e97c09,
        type: 3}
      propertyPath: m_Layer
      value: 3
      objectReference: {fileID: 0}
    - target: {fileID: 7157309607397930224, guid: c75060c3179527d42bcf5b68e4e97c09,
        type: 3}
      propertyPath: m_Layer
      value: 3
      objectReference: {fileID: 0}
    - target: {fileID: 8024992040538387460, guid: c75060c3179527d42bcf5b68e4e97c09,
        type: 3}
      propertyPath: m_Layer
      value: 3
      objectReference: {fileID: 0}
    - target: {fileID: 8353672205984177229, guid: c75060c3179527d42bcf5b68e4e97c09,
        type: 3}
      propertyPath: m_Layer
      value: 3
      objectReference: {fileID: 0}
    - target: {fileID: 8422321145043610141, guid: c75060c3179527d42bcf5b68e4e97c09,
        type: 3}
      propertyPath: m_LocalEulerAnglesHint.x
      value: -9.092003
      objectReference: {fileID: 0}
    - target: {fileID: 8422321145043610141, guid: c75060c3179527d42bcf5b68e4e97c09,
        type: 3}
      propertyPath: m_LocalEulerAnglesHint.y
      value: -51.25814
      objectReference: {fileID: 0}
    - target: {fileID: 8422321145043610141, guid: c75060c3179527d42bcf5b68e4e97c09,
        type: 3}
      propertyPath: m_LocalEulerAnglesHint.z
      value: -53.48042
      objectReference: {fileID: 0}
    - target: {fileID: 8524052271924368539, guid: c75060c3179527d42bcf5b68e4e97c09,
        type: 3}
      propertyPath: m_LocalEulerAnglesHint.x
      value: 47.262268
      objectReference: {fileID: 0}
    - target: {fileID: 8568900376933055577, guid: c75060c3179527d42bcf5b68e4e97c09,
        type: 3}
      propertyPath: m_Layer
      value: 3
      objectReference: {fileID: 0}
    - target: {fileID: 8808946834159684269, guid: c75060c3179527d42bcf5b68e4e97c09,
        type: 3}
      propertyPath: m_Layer
      value: 3
      objectReference: {fileID: 0}
    - target: {fileID: 8888131443090587153, guid: c75060c3179527d42bcf5b68e4e97c09,
        type: 3}
      propertyPath: m_LocalEulerAnglesHint.x
      value: -69.535286
      objectReference: {fileID: 0}
    - target: {fileID: 8888131443090587153, guid: c75060c3179527d42bcf5b68e4e97c09,
        type: 3}
      propertyPath: m_LocalEulerAnglesHint.y
      value: 10.057532
      objectReference: {fileID: 0}
    - target: {fileID: 8888131443090587153, guid: c75060c3179527d42bcf5b68e4e97c09,
        type: 3}
      propertyPath: m_LocalEulerAnglesHint.z
      value: -8.6546
      objectReference: {fileID: 0}
    m_RemovedComponents: []
    m_RemovedGameObjects: []
    m_AddedGameObjects: []
    m_AddedComponents:
    - targetCorrespondingSourceObject: {fileID: 919132149155446097, guid: c75060c3179527d42bcf5b68e4e97c09,
        type: 3}
      insertIndex: -1
      addedObject: {fileID: 1330122549694157455}
    - targetCorrespondingSourceObject: {fileID: 919132149155446097, guid: c75060c3179527d42bcf5b68e4e97c09,
        type: 3}
      insertIndex: -1
      addedObject: {fileID: 1709074999918474554}
    - targetCorrespondingSourceObject: {fileID: 919132149155446097, guid: c75060c3179527d42bcf5b68e4e97c09,
        type: 3}
      insertIndex: -1
      addedObject: {fileID: 5248084021623844057}
    - targetCorrespondingSourceObject: {fileID: 919132149155446097, guid: c75060c3179527d42bcf5b68e4e97c09,
        type: 3}
      insertIndex: -1
      addedObject: {fileID: 6876671154872782426}
    - targetCorrespondingSourceObject: {fileID: 919132149155446097, guid: c75060c3179527d42bcf5b68e4e97c09,
        type: 3}
      insertIndex: -1
      addedObject: {fileID: 8585278092806270249}
    - targetCorrespondingSourceObject: {fileID: 919132149155446097, guid: c75060c3179527d42bcf5b68e4e97c09,
        type: 3}
      insertIndex: -1
      addedObject: {fileID: 8268058624207241465}
    - targetCorrespondingSourceObject: {fileID: 919132149155446097, guid: c75060c3179527d42bcf5b68e4e97c09,
        type: 3}
      insertIndex: -1
      addedObject: {fileID: 3213761581838249210}
  m_SourcePrefab: {fileID: 100100000, guid: c75060c3179527d42bcf5b68e4e97c09, type: 3}
--- !u!1 &1106565686590423323 stripped
GameObject:
  m_CorrespondingSourceObject: {fileID: 919132149155446097, guid: c75060c3179527d42bcf5b68e4e97c09,
    type: 3}
  m_PrefabInstance: {fileID: 259562194928598090}
  m_PrefabAsset: {fileID: 0}
--- !u!95 &1330122549694157455
Animator:
  serializedVersion: 7
  m_ObjectHideFlags: 0
  m_CorrespondingSourceObject: {fileID: 0}
  m_PrefabInstance: {fileID: 0}
  m_PrefabAsset: {fileID: 0}
  m_GameObject: {fileID: 1106565686590423323}
  m_Enabled: 1
  m_Avatar: {fileID: 0}
  m_Controller: {fileID: 9100000, guid: 20c16e35f7c6eae45b8ace4c21a711e9, type: 2}
  m_CullingMode: 0
  m_UpdateMode: 0
  m_ApplyRootMotion: 0
  m_LinearVelocityBlending: 0
  m_StabilizeFeet: 0
  m_AnimatePhysics: 0
  m_WarningMessage: 
  m_HasTransformHierarchy: 1
  m_AllowConstantClipSamplingOptimization: 1
  m_KeepAnimatorStateOnDisable: 0
  m_WriteDefaultValuesOnDisable: 0
--- !u!195 &1709074999918474554
NavMeshAgent:
  m_ObjectHideFlags: 0
  m_CorrespondingSourceObject: {fileID: 0}
  m_PrefabInstance: {fileID: 0}
  m_PrefabAsset: {fileID: 0}
  m_GameObject: {fileID: 1106565686590423323}
  m_Enabled: 1
  m_AgentTypeID: 0
  m_Radius: 0.5
  m_Speed: 3
  m_Acceleration: 999
  avoidancePriority: 0
  m_AngularSpeed: 999
  m_StoppingDistance: 0
  m_AutoTraverseOffMeshLink: 1
  m_AutoBraking: 0
  m_AutoRepath: 1
  m_Height: 2
  m_BaseOffset: 0.03
  m_WalkableMask: 4294967295
  m_ObstacleAvoidanceType: 0
--- !u!136 &5248084021623844057
CapsuleCollider:
  m_ObjectHideFlags: 0
  m_CorrespondingSourceObject: {fileID: 0}
  m_PrefabInstance: {fileID: 0}
  m_PrefabAsset: {fileID: 0}
  m_GameObject: {fileID: 1106565686590423323}
  m_Material: {fileID: 0}
  m_IncludeLayers:
    serializedVersion: 2
    m_Bits: 0
  m_ExcludeLayers:
    serializedVersion: 2
    m_Bits: 0
  m_LayerOverridePriority: 0
  m_IsTrigger: 1
  m_ProvidesContacts: 0
  m_Enabled: 1
  serializedVersion: 2
  m_Radius: 0.2
  m_Height: 1.9389957
  m_Direction: 1
  m_Center: {x: 0, y: 0.95348686, z: 0}
--- !u!54 &6876671154872782426
Rigidbody:
  m_ObjectHideFlags: 0
  m_CorrespondingSourceObject: {fileID: 0}
  m_PrefabInstance: {fileID: 0}
  m_PrefabAsset: {fileID: 0}
  m_GameObject: {fileID: 1106565686590423323}
  serializedVersion: 4
  m_Mass: 1
  m_Drag: 0
  m_AngularDrag: 0.05
  m_CenterOfMass: {x: 0, y: 0, z: 0}
  m_InertiaTensor: {x: 1, y: 1, z: 1}
  m_InertiaRotation: {x: 0, y: 0, z: 0, w: 1}
  m_IncludeLayers:
    serializedVersion: 2
    m_Bits: 0
  m_ExcludeLayers:
    serializedVersion: 2
    m_Bits: 0
  m_ImplicitCom: 1
  m_ImplicitTensor: 1
  m_UseGravity: 0
  m_IsKinematic: 1
  m_Interpolate: 0
  m_Constraints: 0
  m_CollisionDetection: 0
--- !u!210 &8585278092806270249
SortingGroup:
  m_ObjectHideFlags: 0
  m_CorrespondingSourceObject: {fileID: 0}
  m_PrefabInstance: {fileID: 0}
  m_PrefabAsset: {fileID: 0}
  m_GameObject: {fileID: 1106565686590423323}
  m_Enabled: 1
  m_SortingLayerID: 0
  m_SortingLayer: 0
  m_SortingOrder: 100
  m_SortAtRoot: 0
--- !u!114 &8268058624207241465
MonoBehaviour:
  m_ObjectHideFlags: 0
  m_CorrespondingSourceObject: {fileID: 0}
  m_PrefabInstance: {fileID: 0}
  m_PrefabAsset: {fileID: 0}
  m_GameObject: {fileID: 1106565686590423323}
  m_Enabled: 1
  m_EditorHideFlags: 0
  m_Script: {fileID: 11500000, guid: 215c4f95277a75646882acbe5558c413, type: 3}
  m_Name: 
  m_EditorClassIdentifier: 
  selectionPlayer:
    selectionName: Ex-SOLDIER
    index: 0
    names:
    - '-'
    - Ex-SOLDIER
    - Barret
    - Tifa
    - Aeris
    - Red XIII
    - Yuffie
    - Cait Sith
    - Vincent
    - Cid
    - Sephiroth
    - Young Cloud
    selectionDummy: 1
--- !u!114 &3213761581838249210
MonoBehaviour:
  m_ObjectHideFlags: 0
  m_CorrespondingSourceObject: {fileID: 0}
  m_PrefabInstance: {fileID: 0}
  m_PrefabAsset: {fileID: 0}
  m_GameObject: {fileID: 1106565686590423323}
  m_Enabled: 1
  m_EditorHideFlags: 0
  m_Script: {fileID: 11500000, guid: 0b149c08b84262d4c839f8fc80532a7f, type: 3}
  m_Name: 
  m_EditorClassIdentifier: 
  rayDistance: 2
